
@article{brandao_quantum_2016,
	title = {Quantum Speed-ups for Semidefinite Programming},
	url = {http://arxiv.org/abs/1609.05537},
	journaltitle = {{arXiv}:1609.05537 [quant-ph]},
	author = {Brandao, Fernando G. S. L. and Svore, Krysta},
	urldate = {2017-05-15},
	date = {2016-09-18},
	eprinttype = {arxiv},
	eprint = {1609.05537},
	keywords = {Computer Science - Computational Complexity, Computer Science - Data Structures and Algorithms, Quantum Physics}
}

@article{van_apeldoorn_quantum_2017,
	title = {Quantum {SDP}-Solvers: Better upper and lower bounds},
	url = {http://arxiv.org/abs/1705.01843},
	shorttitle = {Quantum {SDP}-Solvers},
	journaltitle = {{arXiv}:1705.01843 [quant-ph]},
	author = {van Apeldoorn, Joran and Gilyén, András and Gribling, Sander and de Wolf, Ronald},
	urldate = {2017-06-27},
	date = {2017-05-04},
	eprinttype = {arxiv},
	eprint = {1705.01843},
	keywords = {Computer Science - Computational Complexity, Computer Science - Data Structures and Algorithms, Quantum Physics}
}